<?xml version="1.0" encoding="UTF-8"?><collection xmlns="http://www.loc.gov/MARC21/slim"><record><leader>00452nam--2200157-i-4500</leader><controlfield tag="001">000000011</controlfield><controlfield tag="002">20161230</controlfield><controlfield tag="005">20170117131750</controlfield><controlfield tag="008">060222s1000------------r-----000-0-eng-d</controlfield><datafield ind1=" " ind2=" " tag="080"><subfield code="a">621.039.55</subfield></datafield><datafield ind1=" " ind2=" " tag="245"><subfield code="a">Flow Induced Vibrations in Liquid Metal Fast Breeder Reactors</subfield></datafield><datafield ind1=" " ind2=" " tag="260"><subfield code="a">Vienna</subfield><subfield code="b">International Atomic Energy Agency</subfield><subfield code="c">1989</subfield></datafield><datafield ind1=" " ind2=" " tag="300"><subfield code="a">126P</subfield></datafield><datafield ind1=" " ind2=" " tag="490"><subfield code="a">Technical Report Series-297</subfield></datafield><datafield ind1=" " ind2=" " tag="852"><subfield code="a">1875</subfield><subfield code="c">621.039</subfield></datafield><datafield ind1=" " ind2=" " tag="CAT"><subfield code="a">SYS</subfield><subfield code="c">20170117</subfield><subfield code="h">131750</subfield></datafield></record></collection>